<?xml version="1.0" encoding="UTF-8"?><collection xmlns="http://www.loc.gov/MARC21/slim"><record><leader>00401nam--2200133-i-4500</leader><controlfield tag="001">000026459</controlfield><controlfield tag="002">20161230</controlfield><controlfield tag="005">20161230201036</controlfield><controlfield tag="008">060222s1000------------r-----000-0-eng-d</controlfield><datafield ind1=" " ind2=" " tag="080"><subfield code="a">535.82</subfield></datafield><datafield ind1=" " ind2=" " tag="245"><subfield code="a">Instructuni 185-63 pentru verificarea microscoapelor duble (tip linnik-schmaltz). editie oficiala</subfield></datafield><datafield ind1=" " ind2=" " tag="260"><subfield code="a">Bucuresti, Esip, 1964. 17p</subfield></datafield><datafield ind1=" " ind2=" " tag="490"><subfield code="a">Oficiul De Stat Pentru Metrologie</subfield></datafield><datafield ind1=" " ind2=" " tag="852"><subfield code="a">28136</subfield></datafield></record></collection>